@article{delle2013probabilistic,
  title={Probabilistic weather prediction with an analog ensemble},
  author={Delle Monache, Luca and Eckel, F Anthony and Rife, Daran L and Nagarajan, Badrinath and Searight, Keith},
  journal={Monthly Weather Review},
  volume={141},
  number={10},
  pages={3498--3516},
  year={2013}
}

@article{alessandrini2015analog,
  title={An analog ensemble for short-term probabilistic solar power forecast},
  author={Alessandrini, S and Delle Monache, L and Sperati, S and Cervone, G},
  journal={Applied energy},
  volume={157},
  pages={95--110},
  year={2015},
  publisher={Elsevier}
}

@article{alessandrini2015novel,
  title={A novel application of an analog ensemble for short-term wind power forecasting},
  author={Alessandrini, S and Delle Monache, L and Sperati, S and Nissen, JN},
  journal={Renewable Energy},
  volume={76},
  pages={768--781},
  year={2015},
  publisher={Elsevier}
}

@article{junk2015predictor,
  title={Predictor-weighting strategies for probabilistic wind power forecasting with an analog ensemble},
  author={Junk, Constantin and Delle Monache, Luca and Alessandrini, Stefano and Cervone, Guido and Von Bremen, Lueder},
  journal={Meteorologische Zeitschrift},
  volume={24},
  number={4},
  pages={361--379},
  year={2015},
  publisher={Schweizerbart'sche Verlagsbuchhandlung}
}

@article{cervone2017short,
  title={Short-term photovoltaic power forecasting using Artificial Neural Networks and an Analog Ensemble},
  author={Cervone, Guido and Clemente-Harding, Laura and Alessandrini, Stefano and Delle Monache, Luca},
  journal={Renewable Energy},
  volume={108},
  pages={274--286},
  year={2017},
  publisher={Elsevier}
}
